@inproceedings{Cataldo2009,
	 author = {Cataldo, Marcelo and Nambiar, Sangeeth},
	 title = {On the relationship between process maturity and geographic distribution: an empirical analysis of their impact on software quality},
	 booktitle = {Proceedings of the the 7th joint meeting of the European software engineering conference and the ACM SIGSOFT symposium on The foundations of software engineering},
	 series = {ESEC/FSE '09},
	 year = {2009},
	 pages = {101--110},
	 publisher = {ACM},
	 address = {New York, NY, USA},
} 

@book{GJM02,
    author = {Ghezzi, Carlo and Jazayeri, Mehdi and Mandrioli, Dino},
    citeulike-article-id = {10256136},
    edition = {2nd},
    keywords = {*file-import-12-01-23},
    posted-at = {2012-01-23 12:06:40},
    priority = {0},
    publisher = {Prentice Hall},
    title = {{Fundamentals of Software Engineering}},
    year = {2002}
}

@book{Pre09,
    author = {Pressman, Roger},
    citeulike-article-id = {10256389},
    edition = {7th},
    keywords = {*file-import-12-01-23},
    posted-at = {2012-01-23 12:38:46},
    priority = {0},
    publisher = {McGraw-Hill},
    title = {{Software Engineering: A Practitioner's Approach}},
    year = {2009}
}

@book{PA05,
    author = {Pfleeger, Shari L. and Atlee, Joanne},
    citeulike-article-id = {10256388},
    edition = {3rd},
    keywords = {*file-import-12-01-23},
    posted-at = {2012-01-23 12:38:46},
    priority = {0},
    publisher = {Prentice Hall},
    title = {{Software Engineering: Theory and Practice}},
    year = {2005}
}


@Book{boehm-agile,
  author = 	  {B. Boehm and R. Turner},
  title = 		  {Balancing Agility and Discipline: A Guide for the Perplexed},
  publisher = 	  {Addison-Wesley},
  year = 		  {2004}
}

@Article{CLC-agile,
  author = 		  {D. Cohen and M. Lindvall and P. Costa},
  title = 		  {An introduction to agile methods},
  journal = 	  {Advances in Computers},
  year = 		  {2004},
  pages = 	  {1--66}
}

@Misc{agile-man,
  author = 	  {{K. Beck et al.}},
  title = 	  {Manifesto for Agile Software Development},
  howpublished = {\url{agilemanifesto.org}},
  year = 	  {2001}
}

@misc{NordioEstlerFuriaMeyer11,
 	author = {Martin Nordio and H.-Christian Estler and Carlo A. Furia and Bertrand Meyer},
 	title = {Collaborative Software Development on the Web},
 	note = {arXiv:1105.0768v3},
	year = {2011},
}

@misc{EstlerNordioFuriaMeyerSchneider12,
 	author = {H.-Christian Estler and Martin Nordio and Carlo A. Furia and Bertrand Meyer and Johannes Schneider},
 	title = {Agile vs. Structured Distributed Software Development: A Case Study},
 	note = {ETH technical report},
	year = {2012},
}

@article{LaymanETAL06,
	title = "Essential communication practices for Extreme Programming in a global software development team",
	journal = "Information and Software Technology",
	volume = "48",
	number = "9",
	pages = "781--794",
	year = "2006",
	author = "Lucas Layman and Laurie Williams and Daniela Damian and Hynek Bures",
}

@INPROCEEDINGS{PaasivaaraDurasiewiczLassenius09, 
	author={Paasivaara, M. and Durasiewicz, S. and Lassenius, C.}, 
	booktitle={Proceedings of the Fourth IEEE International Conference on Global Software Engineering (ICGSE)}, 
	title={Using {S}crum in Distributed Agile Development: A Multiple Case Study}, 
	year={2009}, 
	pages={195 -204}, 
}

@INPROCEEDINGS{Sureshchandra08, 
	author={Sureshchandra, K. and Shrinivasavadhani, J.}, 
	booktitle={Proceedings of the IEEE International Conference on Global Software Engineering (ICGSE)}, 
	title={Adopting Agile in Distributed Development}, 
	year={2008}, 
	pages={217 -221}, 
}

@inproceedings{PaasivaaraLassenius06,
	 author = {Paasivaara, Maria and Lassenius, Casper},
	 title = {Could Global Software Development Benefit from Agile Methods?},
	 booktitle = {Proceedings of the IEEE International Conference on Global Software Engineering (ICGSE)},
	 year = {2006},
	 pages = {109--113},
	 publisher = {IEEE Computer Society},
	 address = {Washington, USA},
} 

@MISC{Wells,
  title = {Extreme Programming site},
  note = {\url{www.extremeprogramming.org/}},
  key = {Don Wells},
}



@inproceedings{RamasubbuETAL11,
	 author = {Ramasubbu, Narayan and Cataldo, Marcelo and Balan, Rajesh Krishna and Herbsleb, James D.},
	 title = {Configuring global software teams: a multi-company analysis of project productivity, quality, and profits},
	 booktitle = {Proceedings of the 33rd International Conference on Software Engineering},
	 series = {ICSE '11},
	 year = {2011},
	 pages = {261--270},
	 publisher = {ACM},
	 address = {New York, USA},
} 

@inproceedings{NawrockiETAL02,
	 author = {Nawrocki, Jerzy R. and Walter, Bartosz and Wojciechowski, Adam},
	 title = {Comparison of {CMM} Level 2 and eXtreme Programming},
	 booktitle = {Proceedings of the 7th International Conference on Software Quality},
	 series = {ECSQ '02},
	 year = {2002},
	 pages = {288--297},
	 publisher = {Springer-Verlag},
	 address = {London, UK},
} 

@inproceedings{BegelNagappan08,
	 author = {Begel, Andrew and Nagappan, Nachiappan},
	 title = {Pair programming: what's in it for me?},
	 booktitle = {Proceedings of the Second ACM-IEEE international symposium on Empirical software engineering and measurement},
	 series = {ESEM '08},
	 year = {2008},
	 pages = {120--128},
	 publisher = {ACM},
	 address = {New York, USA},
} 

@inproceedings{BhatNagappan06,
	 author = {Bhat, Thirumalesh and Nagappan, Nachiappan},
	 title = {Evaluating the efficacy of test-driven development: industrial case studies},
	 booktitle = {Proceedings of the 2006 ACM/IEEE international symposium on Empirical software engineering},
	 series = {ISESE '06},
	 year = {2006},
	 pages = {356--363},
	 publisher = {ACM},
	 address = {New York, USA},
} 

@inproceedings{HulkkoAbrahamsson05,
	 author = {Hulkko, Hanna and Abrahamsson, Pekka},
	 title = {A multiple case study on the impact of pair programming on product quality},
	 booktitle = {Proceedings of the 27th international conference on Software engineering},
	 series = {ICSE '05},
	 year = {2005},
	 location = {St. Louis, MO, USA},
	 pages = {495--504},
	 publisher = {ACM},
	 address = {New York, USA},
} 


@inproceedings{MullerTichy01,
	 author = {M\"{u}ller, Matthias M. and Tichy, Walter F.},
	 title = {Case study: extreme programming in a university environment},
	 booktitle = {Proceedings of the 23rd International Conference on Software Engineering},
	 series = {ICSE '01},
	 year = {2001},
	 location = {Toronto, Ontario, Canada},
	 pages = {537--544},
	 publisher = {IEEE Computer Society},
	 address = {Washington, USA},
} 

@inproceedings{AbrahamssonETAL03,
	 author = {Abrahamsson, Pekka and Warsta, Juhani and Siponen, Mikko T. and Ronkainen, Jussi},
	 title = {New directions on agile methods: a comparative analysis},
	 booktitle = {Proceedings of the 25th International Conference on Software Engineering},
	 series = {ICSE '03},
	 year = {2003},
	 location = {Portland, Oregon},
	 pages = {244--254},
	 publisher = {IEEE Computer Society},
	 address = {Washington, USA},
} 

@article{VanSolingenValkema10,
author = {Rini van Solingen and Menno Valkema},
title = {The Impact of Number of Sites in a Follow the Sun Setting on the Actual and Perceived Working Speed and Accuracy: A Controlled Experiment},
journal ={Proceedings of the IEEE International Conference on Global Software Engineering (ICGSE)},
year = {2010},
pages = {165-174},
publisher = {IEEE Computer Society},
}

@INPROCEEDINGS{DeshpandeRichardsonCaseyBeecham10, 
	author={Deshpande, S. and Richardson, I. and Casey, V. and Beecham, S.}, 
	booktitle={Proceedings of the IEEE International Conference on Global Software Engineering (ICGSE)}, 
	title={Culture in Global Software Development - A Weakness or Strength?}, 
	year={2010}, 
	pages={67 -76}, 
}


%----------------------------------------------------------------------------
% A
%----------------------------------------------------------------------------


@BOOK{Allen1977,
  title = {Managing the Flow of Technology},
  publisher = {MIT Press},
  year = {1977},
  author = {T. J. Allen},
  owner = {hce},
  timestamp = {2011.02.22}
}


@ARTICLE{Al-Ani2008,
  author = {Al-Ani, Ban and Edwards, H. Keith},
  title = {{A Comparative Empirical Study of Communication in Distributed and
	Collocated Development Teams}},
  journal = {2008 IEEE International Conference on Global Software Engineering},
  year = {2008},
  pages = {35--44},
  month = aug,
  doi = {10.1109/ICGSE.2008.9},
  isbn = {978-0-7695-3280-6},
  publisher = {Ieee},
  url = {http://ieeexplore.ieee.org/lpdocs/epic03/wrapper.htm?arnumber=4638651}
}


%----------------------------------------------------------------------------
% B
%----------------------------------------------------------------------------

@ARTICLE{Battin2001,
  author = {Robert D. Battin and Ron Crocker and Joe Kreidler and K. Subramanian},
  title = {Leveraging Resources in Global Software Development},
  journal = {IEEE Software},
  year = {2001},
  volume = {18},
  pages = {70-77},
  address = {Los Alamitos, CA, USA},
  doi = {http://doi.ieeecomputersociety.org/10.1109/52.914750},
  issn = {0740-7459},
  owner = {hce},
  publisher = {IEEE Computer Society},
  timestamp = {2011.02.01}
}

@ARTICLE{Begel2008,
  author = {Begel, Andrew and Nagappan, Nachiappan},
  title = {{Global Software Development: Who Does It?}},
  journal = {2008 IEEE International Conference on Global Software Engineering},
  year = {2008},
  pages = {195--199},
  month = aug,
  doi = {10.1109/ICGSE.2008.17},
  isbn = {978-0-7695-3280-6},
  publisher = {Ieee},
  url = {http://ieeexplore.ieee.org/lpdocs/epic03/wrapper.htm?arnumber=4638666}
}


@inproceedings{BirdNagappanDevanbuETAL09,
 author = {Bird, Christian and Nagappan, Nachiappan and Devanbu, Premkumar and Gall, Harald and Murphy, Brendan},
 title = {{Does distributed development affect software quality? An empirical case study of Windows Vista}},
 booktitle = {Proceedings of the 31st International Conference on Software Engineering},
 series = {ICSE '09},
 year = {2009},
 pages = {518--528},
  address = {Washington, DC, USA},
  publisher = {IEEE Computer Society},
  acmid = {1555065},
  doi = {http://dx.doi.org/10.1109/ICSE.2009.5070550},
  isbn = {978-1-4244-3453-4},
  numpages = {11},
  url = {http://dx.doi.org/10.1109/ICSE.2009.5070550} 
} 

%  pages     = {73-80}
@inproceedings{BosnicCavrakZagarLandCrnkovic10,
  author    = {Ivana Bosnic and
               Igor Cavrak and
               Mario Zagar and
               Rikard Land and
               Ivica Crnkovic},
  title     = {Customers' {R}ole in {T}eaching {D}istributed {S}oftware {D}evelopment},
  booktitle = {CSEE{\&}T},
  year      = {2010},

}


@TECHREPORT{BrunHolmesErnstNotkin,
  AUTHOR =       {Y. Brun and R. Holmes and  M. Ernst and D. Notkin},
  TITLE =        {Speculative Identification of Merge Conflicts and Non-Conflicts},
  INSTITUTION =  {University of Washington},
  YEAR =         {2010},
  number =       {UW-CSE-10-03-01},
}


%      journal={Software Engineering Conference, 2000. APSEC 2000. Proceedings. Seventh Asia-Pacific}, 
%      pages={30-37}, 
@INPROCEEDINGS{BrueggeDutoitKobylinskiTeubner00, 
     title={Transatlantic project courses in a university environment}, 
     author={Bruegge, B. and Dutoit, A.H. and Kobylinski, R. and Teubner, G.}, 
     booktitle = {7th Asia-Pacific Software Engineering Conference},
     year={2000}, 
}


%----------------------------------------------------------------------------
% C
%----------------------------------------------------------------------------

@BOOK{Carmel1999,
  title = {Global software teams: collaborating across borders and time zones},
  publisher = {Prentice Hall PTR},
  year = {1999},
  author = {Carmel, Erran},
  address = {Upper Saddle River, NJ, USA},
  isbn = {0-13-924218-X}
}

@ARTICLE{Carmel2001,
  author = {Carmel, Erran and Agarwal, Ritu},
  title = {Tactical Approaches for Alleviating Distance in Global Software Development},
  journal = {IEEE Softw.},
  year = {2001},
  volume = {18},
  pages = {22--29},
  month = {March},
  acmid = {626245},
  address = {Los Alamitos, CA, USA},
  doi = {http://dx.doi.org/10.1109/52.914734},
  issn = {0740-7459},
  issue = {2},
  numpages = {8},
  publisher = {IEEE Computer Society Press},
  url = {http://dx.doi.org/10.1109/52.914734}
}

@ARTICLE{Cusick2006,
  author = {Cusick, J. and Prasad, A.},
  title = {{A practical management and engineering approach to offshore collaboration}},
  journal = {Software, IEEE},
  year = {2006},
  volume = {23},
  pages = {20--29},
  number = {5},
  issn = {0740-7459},
  publisher = {IEEE},
  url = {http://ieeexplore.ieee.org/xpls/abs\_all.jsp?arnumber=1687857}
}

@inproceedings{CiupaLeitnerOriolMeyer08, 
	author = {Ilinca Ciupa and Andreas Leitner and Manuel Oriol and Bertrand Meyer}, 
	title = {{ARTOO: Adaptive Random Testing for Object-Oriented Software}}, 
	booktitle = {Proceedings of the 30th International Conference on Software Engineering 2008 (ICSE'08)}, 
	year = {2008}
}

%----------------------------------------------------------------------------
% D
%----------------------------------------------------------------------------

@INPROCEEDINGS{DamianLanubileMallardo05,
     title={{Investigating IBIS in a Distributed Educational Environment: the Design of a Case Study}},
     author={Damian, D. and Lanubile, F. and Mallardo, T.},
     booktitle = {Workshop on Distributed Software Engineering},
     journal={Group},
     volume={1},
     year = {2005},
}

%----------------------------------------------------------------------------
% E
%----------------------------------------------------------------------------

@INPROCEEDINGS{Espinosa2001,
  author = {Espinosa, J. Alberto and Kraut, R.E and Slaughter, S. A and Lerch,
	J. F. and Herbsleb, J. D. and Mockus, A.},
  title = {Shared mental models and coordination in large-scale, distributed
	software development},
  booktitle = {International Conference in Information Systems},
  year = {2001},
  month = {December},
  file = {:C\:\\Users\\hce\\ETH\\Projects\\Paper\\DOSE_TimeZones\\Literature\\Shared mental models and coordination in large-scale, distributed software development.pdf:PDF}
}

@INPROCEEDINGS{EspinosaNingErran07,
  author = {Espinosa, J. Alberto and Nan, Ning and Carmel, Erran},
  title = {Do Gradations of Time Zone Separation Make a Difference in Performance?
	A First Laboratory Study},
   booktitle = {Proceedings of the IEEE International Conference on Global Software Engineering (ICGSE 2007)},
  year = {2007},
  pages = {12--22},
  month = aug,
  publisher = {IEEE},
  url = {http://ieeexplore.ieee.org/lpdocs/epic03/wrapper.htm?arnumber=4299835}
}




%----------------------------------------------------------------------------
% G
%----------------------------------------------------------------------------

@inproceedings{Grinter1999,
 author = {Grinter, Rebecca E. and Herbsleb, James D. and Perry, Dewayne E.},
 title = {The geography of coordination: dealing with distance in R\&D work},
 booktitle = {Proceedings of the international ACM SIGGROUP conference on Supporting group work},
 series = {GROUP '99},
 year = {1999},
 isbn = {1-58113-065-1},
 location = {Phoenix, Arizona, United States},
 pages = {306--315},
 numpages = {10},
 url = {http://doi.acm.org/10.1145/320297.320333},
 doi = {http://doi.acm.org/10.1145/320297.320333},
 acmid = {320333},
 publisher = {ACM},
 address = {New York, NY, USA},
 keywords = {collaborative work, coordination mechanisms, geographically distributed development},
}



%  editor = {Bertrand Meyer  and Mathai Joseph},
%     volume={4716},
%     pages={44-58},
%      publisher={Springer}
%      journal={LNCS},
@INPROCEEDINGS{GotelKulkarniNeakScharffSeng07,
     title={{Introducing Global Supply Chains into Software Engineering Education}},
     author={Gotel, O. and Kulkarni, V. and Neak, L.C. and Scharff, C. and Seng, S.},
     booktitle = {Software Engineering Approaches for Offshore and Outsourced Development},
     year={2007},
}

%      editor = {Kay Berkling and Mathai Joseph and  Bertrand Meyer and Martin Nordio},
@INPROCEEDINGS{GotelKulkarniScharffNeak09,
     title={{Students as Partners and Students as Mentors: An Educational Model for Quality Assurance in Global Software Development}},
     author={Olly Gotel and Vidya Kulkarni and Christelle Scharff and Longchrea Neak},
     booktitle = {Software Engineering Approaches for Offshore and Outsourced Development},
     volume={16},
     year={2009},
     series = {Lecture Notes in Business and Information Processing},
     publisher = {Springer-Verlag},
}

 
 %----------------------------------------------------------------------------
% H
%----------------------------------------------------------------------------

@ARTICLE{HerbslebMockus03,
  author = {Herbsleb, J.D. and Mockus, A.},
  title = {{An empirical study of speed and communication in globally distributed
	software development}},
  journal = {IEEE Transactions on Software Engineering},
  year = {2003},
  volume = {29},
  pages = {481--494},
  number = {6},
  month = jun,
  doi = {10.1109/TSE.2003.1205177},
  issn = {0098-5589},
  url = {http://ieeexplore.ieee.org/lpdocs/epic03/wrapper.htm?arnumber=1205177}
}

@INPROCEEDINGS{Herbsleb2000,
  author = {Herbsleb, James D. and Mockus, Audris and Finholt, Thomas A. and
	Grinter, Rebecca E.},
  title = {Distance, dependencies, and delay in a global collaboration},
  booktitle = {Proceedings of the 2000 ACM conference on Computer supported cooperative
	work},
  year = {2000},
  series = {CSCW '00},
  pages = {319--328},
  address = {New York, NY, USA},
  publisher = {ACM},
  acmid = {359003},
  doi = {http://doi.acm.org/10.1145/358916.359003},
  isbn = {1-58113-222-0},
  keywords = {awareness, delay, global collaboration, informal communication, interdependence,
	software development, speed},
  location = {Philadelphia, Pennsylvania, United States},
  numpages = {10},
  url = {http://doi.acm.org/10.1145/358916.359003}
}

@INPROCEEDINGS{Herbsleb2001,
  author = {Herbsleb, James D. and Mockus, Audris and Finholt, Thomas A. and
	Grinter, Rebecca E.},
  title = {An empirical study of global software development: distance and speed},
  booktitle = {Proceedings of the 23rd International Conference on Software Engineering},
  year = {2001},
  series = {ICSE '01},
  pages = {81--90},
  address = {Washington, DC, USA},
  publisher = {IEEE Computer Society},
  acmid = {381481},
  isbn = {0-7695-1050-7},
  keywords = {awareness, delay, global collaboration, informal communication, software
	development, speed},
  location = {Toronto, Ontario, Canada},
  numpages = {10},
  url = {http://portal.acm.org/citation.cfm?id=381473.381481}
}

@INPROCEEDINGS{HerbslebMockusETAL00,
  author = {Herbsleb, James D. and Mockus, Audris and Finholt, Thomas A. and
	Grinter, Rebecca E.},
  title = {Distance, dependencies, and delay in a global collaboration},
  booktitle = {Proceedings of the 2000 ACM conference on Computer supported cooperative
	work},
  year = {2000},
  series = {CSCW '00},
  pages = {319--328},
  address = {New York, NY, USA},
  publisher = {ACM},
  acmid = {359003},
  doi = {http://doi.acm.org/10.1145/358916.359003},
  isbn = {1-58113-222-0},
  keywords = {awareness, delay, global collaboration, informal communication, interdependence,
	software development, speed},
  location = {Philadelphia, Pennsylvania, United States},
  numpages = {10},
  url = {http://doi.acm.org/10.1145/358916.359003}
}


@INPROCEEDINGS{HolmstromConchuirAgerfalkFitzgerald06,
	author={Helena Holmstrom and Eoin O Conchuir and Par J Agerfalk and Brian Fitzgerald}, 
	booktitle={Global Software Engineering, 2006. ICGSE '06. International Conference on}, 
	title={Global Software Development Challenges: A Case Study on Temporal, Geographical and Socio-Cultural Distance}, 
	year={2006}, 
	pages={3 -11}, 
}


 @ARTICLE{HerbslebMoitra01, 
title={Global software development}, 
author={Herbsleb, J.D. and Moitra, D.}, 
journal={Software, IEEE}, 
year={2001}, 
volume={18}, 
number={2}, 
}

  @conference{hawthorne2005see,
  title={{Software engineering education in the era of outsourcing, distributed development, and open source software: challenges and opportunities}},
  author={Hawthorne, M.J. and Perry, D.E.},
  booktitle={ICSE},
  year={2005},
}


%----------------------------------------------------------------------------
% K
%----------------------------------------------------------------------------

@incollection{Kraut1990,
 author = {Kraut, Robert E. and Egido, Carmen and Galegher, Jolene},
 title = {Patterns of contact and communication in scientific research collaborations},
 booktitle = {Intellectual teamwork: Social and technological bases for cooperative work},
 editor = {Galegher, Jolene and Kraut, Robert E. and Egido, Carmen},
 year = {1990},
 isbn = {0-8058-0534-6},
 pages = {149--171},
 numpages = {23},
 url = {http://portal.acm.org/citation.cfm?id=117848.117854},
 acmid = {117854},
 publisher = {L. Erlbaum Associates Inc.},
 address = {Hillsdale, NJ, USA},
} 




 %----------------------------------------------------------------------------
% L
%----------------------------------------------------------------------------

@ARTICLE{Lamersdorf2010,
  author = {Lamersdorf, Ansgar and Munch, Jurgen and Torre, Alicia Fernandez-del
	Viso and Sanchez, Carlos Rebate and Rombach, Dieter},
  title = {{Estimating the Effort Overhead in Global Software Development}},
  journal = {2010 5th IEEE International Conference on Global Software Engineering},
  year = {2010},
  pages = {267--276},
  month = aug,
  doi = {10.1109/ICGSE.2010.38},
  isbn = {978-1-4244-7619-0},
  keywords = {cobra,cost estimation,effort estimation,global software development,task
	allocation},
  publisher = {Ieee},
  url = {http://ieeexplore.ieee.org/lpdocs/epic03/wrapper.htm?arnumber=5581517}
}


 %----------------------------------------------------------------------------
% M
%----------------------------------------------------------------------------
 
 @ARTICLE{Meyer85, 	
	author={Meyer, B.}, 
	journal={Software, IEEE}, 
	title={On Formalism in Specifications}, 
	year={1985}, 
	volume={2}, 
	number={1}, 
	pages={6 -26}, 
}

  @inproceedings{MeyerPiccioni08,
     title={{The allure and risks of a deployable software engineering project}},
     author={Meyer, B. and Piccioni, M.},
     booktitle={Proceedings of the 21st IEEE-CS Conference on Software Engineering Education and Training},
     year = {2008},
}

 @article{Meyer06b,
    author    = {Meyer, Bertrand},
    title     = {The Unspoken Revolution in Software Engineering},
    journal   = {IEEE Computer},
    volume    = {39},
    number    = {1},
    year      = {2006},
    pages     = {121-124},
 }
 
 @ARTICLE{MeyerFivaCiupaETAL09,
  title = {Programs that Test Themselves},
  year = {2009},
  publisher = {IEEE Computer Society},
  author = {Bertrand Meyer and Arno Fiva and Ilinca Ciupa and Andreas Leitner and Yi Wei and Emmanuel Stapf},
  journal = {IEEE Software},
  pages = {22-24}
}


%----------------------------------------------------------------------------
% N
%----------------------------------------------------------------------------

@INPROCEEDINGS{Nagappan2008,
  author = {Nagappan, Nachiappan and Murphy, Brendan and Basili, V.},
  title = {{The influence of organizational structure on software quality: an
	empirical case study}},
  booktitle = {Proceedings of the 30th international conference on Software engineering},
  year = {2008},
  pages = {521--530},
  publisher = {ACM},
  url = {http://portal.acm.org/citation.cfm?id=1368160}
}

@ARTICLE{Nguyen2008,
  author = {Nguyen, Thanh and Wolf, Timo and Damian, Daniela},
  title = {{Global Software Development and Delay: Does Distance Still Matter?}},
  journal = {2008 IEEE International Conference on Global Software Engineering},
  year = {2008},
  pages = {45--54},
  month = aug,
  doi = {10.1109/ICGSE.2008.39},
  isbn = {978-0-7695-3280-6},
  publisher = {Ieee},
  url = {http://ieeexplore.ieee.org/lpdocs/epic03/wrapper.htm?arnumber=4638652}
}

@misc{SEAFOOD10, 
	author = {Martin Nordio and Mathai Joseph and Bertrand Meyer and Andrey Terekhov}, 
	title = {{S}oftware {E}ngineering {A}pproaches For {O}utsourced and {O}ffshore {D}evelopment,
	4th {I}nternational {C}onference, {S}t. {P}etersburg, {R}ussia. {L}ecture {N}otes in {B}usiness {I}nformation {P}rocessing 54, {S}pringer-{V}erlag }, 
	year = {2010}, 
}

@INPROCEEDINGS{NordioDOSE2011,
  	author = {Martin Nordio and Carlo Ghezzi and Bertrand Meyer and Elisabetta Di Nitto and Giordano Tamburrelli and Julian Tschannen and Nazareno Aguirre and Vidya Kulkarni},
  	title = {Teaching Software Engineering using Globally Distributed Projects: the {DOSE} course},
  	booktitle = {Collaborative Teaching of Globally Distributed Software Development - Community Building Workshop (CTGDSD)},
  	year = {2011},
  	publisher = {ACM},
	 address = {New York, USA},
  	urltopdf = {./papers/NordioDOSE2011.pdf}
}

% 	booktitle = {ICSE '10: Proceedings of the 32nd ACM/IEEE International Conference on Software Engineering},
 @inproceedings{NordioMitinMeyer2010,
	author = {Martin Nordio and Roman Mitin and Bertrand Meyer},
	title = {Advanced Hands-on Training for Distributed and Outsourced Software Engineering},
	booktitle = {Proceedings of the 32nd ACM/IEEE International Conference on Software Engineering (ICSE)},
	year = {2010},
}


% booktitle = {Software Engineering Advances For Offshore and Outsourced Development},
% 	 editor = {O. Gotel and M. Joseph and B. Meyer},
% 	 series = {LNBIP},
%	 volume = {35},
 @inproceedings{NordioMitinMeyerGhezziNittoTamburelli09,
	 author = {Martin Nordio and Roman Mitin and Bertrand Meyer and Carlo Ghezzi and Elisabetta Di Nitto and Giordano Tamburrelli},
	 title = {The Role of Contracts in Distributed Development},
     	booktitle = {Proceedings of Software Engineering Approaches for Offshore and Outsourced Development},
	 year = {2009},
}

@inproceedings{NordioCalcagnoMeyerMuellerTschannen10,
 author = {Martin Nordio and Cristiano Calcagno and Bertrand Meyer and Peter M{\"u}ller  and Julian Tschannen},
 title = {{R}easoning about {F}unction {O}bjects},
 booktitle = {TOOLS-EUROPE},
 year = {2010},
 editor = {Jan Vitek},
 series = {LNCS},
 publisher = {Springer-Verlag},
}

@INPROCEEDINGS{NordioETAL11,
  	author = {Martin Nordio and H.-Christian Estler and Bertrand Meyer and 
	Julian Tschannen and Carlo Ghezzi and Elisabetta Di Nitto},
  	title = {How do Distribution and Time Zones affect Software Development? A Case Study on Communication},
  	booktitle = {Proceedings of the IEEE International Conference on Global Software Engineering (ICGSE 2011)},
  	year = {2011},
  	publisher = {IEEE},
}

 %----------------------------------------------------------------------------
% P
%----------------------------------------------------------------------------

@ARTICLE{Portillo-Rodriguez2010,
  author = {Portillo-Rodriguez, Javier and Vizcaino, Aurora and Ebert, Christof
	and Piattini, Mario},
  title = {{Tools to Support Global Software Development Processes: A Survey}},
  journal = {2010 5th IEEE International Conference on Global Software Engineering},
  year = {2010},
  pages = {13--22},
  month = aug,
  doi = {10.1109/ICGSE.2010.12},
  isbn = {978-1-4244-7619-0},
  keywords = {-global software development,global software tools,iec 12207,iso,tools},
  publisher = {Ieee},
  url = {http://ieeexplore.ieee.org/lpdocs/epic03/wrapper.htm?arnumber=5581546}
}

@ARTICLE{Prause2010,
  author = {Prause, Christian R. and Reiners, Rene and Dencheva, Silviya},
  title = {{Empirical Study of Tool Support in Highly Distributed Research Projects}},
  journal = {2010 5th IEEE International Conference on Global Software Engineering},
  year = {2010},
  pages = {23--32},
  month = aug,
  doi = {10.1109/ICGSE.2010.13},
  isbn = {978-1-4244-7619-0},
  publisher = {Ieee},
  url = {http://ieeexplore.ieee.org/lpdocs/epic03/wrapper.htm?arnumber=5581551}
}



 %----------------------------------------------------------------------------
% R
%----------------------------------------------------------------------------

@INPROCEEDINGS{Ramasubbu2007,
  author = {Ramasubbu, Narayan and Balan, R.K.},
  title = {Globally Distributed Software Development Project Performance: An
	Empirical Analysis},
  booktitle = {Proceedings of the the 6th joint meeting of the European software
	engineering conference and the ACM SIGSOFT symposium on The foundations
	of software engineering},
  year = {2007},
  pages = {125--134},
  publisher = {ACM},
  keywords = {economics,empirical analysis,globally distributed software development,quality
	management,software engineering},
  url = {http://portal.acm.org/citation.cfm?id=1287643}
}


@inproceedings{RichardsonMilewskiMullickKeil06,
    author = {Richardson,, Ita and Milewski,, Allen E. and Mullick,, Neel and Keil,, Patrick},
    title = {Distributed development: an education perspective on the global studio project},
    booktitle = {ICSE '06: Proceedings of the 28th international conference on Software engineering},
    year = {2006},
    publisher = {ACM},
 }
 
 
 %----------------------------------------------------------------------------
% S
%---------------------------------------------------------------------------- 


@article{Sarker2004,
 author = {Sarker, Suprateek and Sahay, Sundeep},
 title = {Implications of space and time for distributed work: an interpretive study of US-Norwegian systems development teams},
 journal = {Eur. J. Inf. Syst.},
 volume = {13},
 issue = {1},
 month = {March},
 year = {2004},
 issn = {0960-085X},
 pages = {3--20},
 numpages = {18},
 url = {http://portal.acm.org/citation.cfm?id=985255.985257},
 doi = {10.1057/palgrave.ejis.3000485},
 acmid = {985257},
 publisher = {Macmillan Press Ltd.},
 address = {Basingstoke, UK, UK},
} 
 
@ARTICLE{Smite2008,
  author = {Smite, Darja and Wohlin, Claes and Feldt, Robert and Gorschek, Tony},
  title = {{Reporting Empirical Research in Global Software Engineering: A Classification
	Scheme}},
  journal = {2008 IEEE International Conference on Global Software Engineering},
  year = {2008},
  pages = {173--181},
  month = aug,
  doi = {10.1109/ICGSE.2008.22},
  isbn = {978-0-7695-3280-6},
  publisher = {Ieee},
  url = {http://ieeexplore.ieee.org/lpdocs/epic03/wrapper.htm?arnumber=4638664}
}

@ARTICLE{Spinellis2006,
  author = {Spinellis, Diomidis},
  title = {Global Software Development in the {FreeBSD} Project},
  journal = {Proceedings of the 2006 international workshop on Global software
	development for the practitioner - GSD '06},
  year = {2006},
  pages = {73},
  address = {New York, New York, USA},
  doi = {10.1145/1138506.1138524},
  isbn = {1595934049},
  keywords = {global development,open source,quantitative analysis},
  publisher = {ACM Press},
  url = {http://portal.acm.org/citation.cfm?doid=1138506.1138524}
}


 
 
%----------------------------------------------------------------------------
% OTHER
%----------------------------------------------------------------------------

@MISC{DataDose10,
  title = {Data collected in {DOSE} 2009 and {DOSE} 2010},
  note = {\url{http://se.inf.ethz.ch/people/nordio/dose2010/}},
  key = {Dose},
}

@MISC{DOSEvideo10,
  title = {DOSE 2010 lecture videos},
  note = {\url{http://se.inf.ethz.ch/teaching/2010-H/dose-0273/videos/}}
}

@MISC{DOSEmaterial10,
  title = {DOSE 2010 course material and videos},
  note = {\url{http://se.inf.ethz.ch/teaching/2010-H/dose-0273/index.html#slides}}
}

@MISC{cselWeb,
	AUTHOR = "Computer Science Event: ",
	TITLE = "http://www.informatics-europe.org/cgi-bin/informatics\_events.cgi",
}

@MISC{BTWProject,
	AUTHOR = "BTW Project: ",
	TITLE = "http://score.elet.polimi.it/Projects.html",
}

@MISC{score,
	AUTHOR = "SCORE: ",
	TITLE = "http://score.elet.polimi.it/",
}

@MISC{traffic,
	AUTHOR = "Traffic Library: ",
	TITLE = "http://traffic.origo.ethz.ch/",
}


@MISC{IEEE98,
	AUTHOR = "IEEE: ",
	TITLE = "{IEEE Recommended Practice for Software Requirements Specifiations. IEEE Std 830}",
	year = "1998",
}

@MISC{dose2007,
	AUTHOR = "DOSE 2007",
	TITLE = "http://se.ethz.ch/teaching/2007-F/outsourcing-0273/index.html",
}

@MISC{dose2008,
	AUTHOR = "DOSE 2008",
	TITLE = "http://se.ethz.ch/teaching/2008-H/dose-0273/index.html",
}

@MISC{dose2009,
	AUTHOR = "{DOSE 2009}",
	TITLE = "\url{http://se.inf.ethz.ch/teaching/2009-H/dose-0273/index.html}",
}

@MISC{dose2010,
	AUTHOR = "{DOSE 2010}",
	TITLE = "\url{http://se.inf.ethz.ch/teaching/2010-H/dose-0273/index.html}",
}

@MISC{Jazz,
  title = {Jazz},
  note = {\url{http://www-01.ibm.com/software/rational/jazz/}}
}

@MISC{Skywriter,
  title = {Skywriter},
  note = {\url{http://mozillalabs.com/skywriter}}
}
@MISC{CodeRunStudio,
  title = {CodeRun Studio},
  note = {\url{http://www.coderun.com}}
}
@MISC{Cloud9IDE,
  title = {Cloud9 IDE},
  note = {\url{http://www.cloud9ide.com}}
}