@INPROCEEDINGS{EstlerNordioFuriaMeyerSchneider12,
  	author = {H.-Christian Estler and Martin Nordio and Carlo A. Furia and Bertrand Meyer and Johannes Schneider},
  	title = {Agile vs. Structured Distributed Software Development: A Case Study},
  	booktitle = {7th International Conference on Global Software Engineering},
  	year = {2012},
  	publisher = {IEEE},
	urltopdf = {http://se.inf.ethz.ch/people/nordio/papers/AgileStructured12.pdf}
}

@misc{NordioEstlerFuriaMeyer11,
 	author = {Martin Nordio and H.-Christian Estler and Carlo A. Furia and Bertrand Meyer},
 	title = {Collaborative Software Development on the Web},
 	note = {arXiv:1105.0768v3},
	year = {2011},
}


@INPROCEEDINGS{NordioDOSE2011,
  	author = {Martin Nordio and Carlo Ghezzi and Bertrand Meyer and Elisabetta Di Nitto and Giordano Tamburrelli and Julian Tschannen and Nazareno Aguirre and Vidya Kulkarni},
  	title = {Teaching Software Engineering using Globally Distributed Projects: the {DOSE} course},
  	booktitle = {Collaborative Teaching of Globally Distributed Software Development - Community Building Workshop (CTGDSD)},
  	year = {2011},
  	publisher = {ACM},
	 address = {New York, USA},
  	urltopdf = {./papers/NordioDOSE2011.pdf}
}

@inproceedings{NordioMitinMeyer2010,
	author = {Martin Nordio and Roman Mitin and Bertrand Meyer},
	title = {Advanced Hands-on Training for Distributed and Outsourced Software Engineering},
	booktitle = {Proceedings of the 32nd ACM/IEEE International Conference on Software Engineering (ICSE)},
	year = {2010},
}



 @inproceedings{NordioMitinMeyerGhezziNittoTamburelli09,
	 author = {Martin Nordio and Roman Mitin and Bertrand Meyer and Carlo Ghezzi and Elisabetta Di Nitto and Giordano Tamburrelli},
	 title = {The Role of Contracts in Distributed Development},
     	booktitle = {Proceedings of Software Engineering Approaches for Offshore and Outsourced Development},
	 year = {2009},
}

@INPROCEEDINGS{NordioETAL11,
  	author = {Martin Nordio and H.-Christian Estler and Bertrand Meyer and 
	Julian Tschannen and Carlo Ghezzi and Elisabetta Di Nitto},
  	title = {How do Distribution and Time Zones affect Software Development? A Case Study on Communication},
  	booktitle = {Proceedings of the IEEE International Conference on Global Software Engineering (ICGSE 2011)},
  	year = {2011},
  	publisher = {IEEE},
}

% AutoProof
@inproceedings{NordioCalcagnoMeyerMuellerTschannen10,
 author = {Martin Nordio and Cristiano Calcagno and Bertrand Meyer and Peter M{\"u}ller  and Julian Tschannen},
 title = {{R}easoning about {F}unction {O}bjects},
 booktitle = {TOOLS-EUROPE},
 year = {2010},
 editor = {Jan Vitek},
 series = {LNCS},
 publisher = {Springer-Verlag},
}

%AutoProof 2
 @inproceedings{TschannenFuriaNordioMeyer11,
	 author = {Julian Tschannen and Carlo A. Furia and Martin Nordio and Bertrand Meyer},
	 title = {{V}erifying {E}iffel {P}rograms with {B}oogie},
	 booktitle = {First International Workshop on Intermediate Verification Languages (BOOGIE 2011)},
	 year = {2011},
}

% AutoTest
@INPROCEEDINGS{WeiETAL11, 
	author = {Yi Wei, Hannes Roth, Carlo A. Furia, Yu Pei, Alexander Horton, Michael Steindorfer, Martin Nordio, and Bertrand Meyer}, 
	title = {Stateful Testing: Finding More Errors in Code and Contracts}, 
	booktitle = {26th IEEE/ACM International Conference on Automated Software Engineering (ASE)}, 
	year = {2011}, 
	publisher = {IEEE}, 
	urltopdf = {http://se.inf.ethz.ch/people/nordio/papers/statefull_testing11.pdf} 
}

% AutoTest2
@article{MeyerFCLWS09,
  author    = {Bertrand Meyer and
               Arno Fiva and
               Ilinca Ciupa and
               Andreas Leitner and
               Yi Wei and
               Emmanuel Stapf},
  title     = {Programs That Test Themselves},
  journal   = {IEEE Computer},
  volume    = {42},
  number    = {9},
  year      = {2009},
  pages     = {46-55},
  urltopdf       = {http://doi.ieeecomputersociety.org/10.1109/MC.2009.296}
}


% Integration of AutoFix~\cite{PeiETAL11} is part of future work
% AutoFix
@INPROCEEDINGS{PeiETAL11, 
	author = {Yu Pei, Yi Wei, Carlo A. Furia, Martin Nordio, and Bertrand Meyer}, 
	title = {Code-Based Automated Program Fixing}, 
	booktitle = {26th IEEE/ACM International Conference on Automated Software Engineering (ASE)}, 
	year = {2011}, 
	publisher = {IEEE}, 
	urltopdf = {http://se.inf.ethz.ch/people/nordio/papers/autofix11.pdf} 
}

% Integration of testing and proof similar to~\cite{TschannenSEFM11} is part of future work.
@InProceedings{TschannenSEFM11,
  author = {Julian Tschannen and Carlo A. Furia and Martin Nordio and Bertrand Meyer},
  title = {Usable Verification of Object-Oriented Programs by Combining Static and Dynamic Techniques},
  booktitle = {Proceedings of the 9th International Conference on Software Engineering and Formal Methods},
  series = {SEFM '11},
  year = {2011},
  series = {LNCS},
  publisher = {Springer},
}



%----------------------------------------------------------------------------
% OTHERS
%----------------------------------------------------------------------------

@TECHREPORT{BrunHolmesErnstNotkin,
  AUTHOR =       {Y. Brun and R. Holmes and  M. Ernst and D. Notkin},
  TITLE =        {Speculative Identification of Merge Conflicts and Non-Conflicts},
  INSTITUTION =  {University of Washington},
  YEAR =         {2010},
  number =       {UW-CSE-10-03-01},
}




@BOOK{Carmel1999,
  title = {Global software teams: collaborating across borders and time zones},
  publisher = {Prentice Hall PTR},
  year = {1999},
  author = {Carmel, Erran},
  address = {Upper Saddle River, NJ, USA},
  isbn = {0-13-924218-X}
}

@ARTICLE{Carmel2001,
  author = {Carmel, Erran and Agarwal, Ritu},
  title = {Tactical Approaches for Alleviating Distance in Global Software Development},
  journal = {IEEE Softw.},
  year = {2001},
  volume = {18},
  pages = {22--29},
  month = {March},
  acmid = {626245},
  address = {Los Alamitos, CA, USA},
  doi = {http://dx.doi.org/10.1109/52.914734},
  issn = {0740-7459},
  issue = {2},
  numpages = {8},
  publisher = {IEEE Computer Society Press},
  url = {http://dx.doi.org/10.1109/52.914734}
}



@INPROCEEDINGS{Espinosa2001,
  author = {Espinosa, J. Alberto and Kraut, R.E and Slaughter, S. A and Lerch,
	J. F. and Herbsleb, J. D. and Mockus, A.},
  title = {Shared mental models and coordination in large-scale, distributed
	software development},
  booktitle = {International Conference in Information Systems},
  year = {2001},
  month = {December},
  file = {:C\:\\Users\\hce\\ETH\\Projects\\Paper\\DOSE_TimeZones\\Literature\\Shared mental models and coordination in large-scale, distributed software development.pdf:PDF}
}

@INPROCEEDINGS{EspinosaNingErran07,
  author = {Espinosa, J. Alberto and Nan, Ning and Carmel, Erran},
  title = {Do Gradations of Time Zone Separation Make a Difference in Performance?
	A First Laboratory Study},
   booktitle = {Proceedings of the IEEE International Conference on Global Software Engineering (ICGSE 2007)},
  year = {2007},
  pages = {12--22},
  month = aug,
  publisher = {IEEE},
  url = {http://ieeexplore.ieee.org/lpdocs/epic03/wrapper.htm?arnumber=4299835}
}




